@book{Steinmetz2005,
author = {Steinmetz, Ralf and Wehrle, Klaus},
isbn = {3-540-29192-X},
pages = {629},
publisher = {Springer},
title = {{Peer-to-Peer Systems and Applications}},
year = {2005}
}
@book{Voelker2005,
author = {Voelker, Geoffrey M. and Shenker, Scott},
isbn = {3-540-24252-X},
pages = {300},
title = {{Peer-to-Peer Systems III}},
year = {2005}
}
